@article{silva1995prematuridade,
  title={Prematuridade: aspectos obst{\'e}tricos},
  author={Silva, JLP},
  journal={Neme B. Obtetricia b{\'a}sica},
  volume={2},
  pages={372--379},
  year={1995}
}

@article{into2009child,
  title={Child Health (CEMACH) Perinatal Mortality 2007},
  author={into Maternal, Confidential Enquiry},
  journal={United Kingdom. London: CEMACH},
  year={2009}
}

@article{astle2003involvement,
  title={The involvement of progesterone in the onset of human labour},
  author={Astle, Shirley and Slater, Donna M and Thornton, Steven},
  journal={European Journal of Obstetrics \& Gynecology and Reproductive Biology},
  volume={108},
  number={2},
  pages={177--181},
  year={2003},
  publisher={Elsevier}
}

@article{de2016prenatal,
  title={Prenatal administration of vaginal progesterone and frequency of uterine contractions in asymptomatic twin pregnancies},
  author={de Oliveira, L{\'\i}lia AML and Brizot, Maria L and Liao, Adolfo W and Bittar, Roberto E and Francisco, Rossana PV and Zugaib, Marcelo},
  journal={Acta Obstetricia et Gynecologica Scandinavica},
  volume={95},
  number={4},
  pages={436--443},
  year={2016},
  publisher={Wiley Online Library}
}

@article{morettin2020introduccaoa,
  title={Introdu{\c{c}}Ã£o Ci{\^e}ncia de Dados},
  author={Morettin, Pedro A and Singer, Julio M},
  journal={Texto Preliminar, IME-USP},
  year={2020}
}

@misc{bussab2004estatistica,
  title={Estat{\'\i}stica B{\'a}sica. 5{\textordfeminine} edi{\c{c}}{\~a}o, Editora Sariva, S},
  author={Bussab, WO and MORETIN, PA},
  year={2004},
  publisher={Paulo}
}

@article{magalhaes2002noccoes,
  title={No{\c{c}}{\~o}es de estat{\'\i}stica e probabilidade},
  author={Magalhaes, MN and Lima, ACP},
  journal={S{\~a}o Paulo: EdUSP},
  year={2002}
}

